
@TechReport{OSGi,
  author = 	 {OSGiAlliance},
  title = 	 {OSGi Service Platform Specification},
  year = 	 {2012},
  note = 	 {\url{http://www.osgi.org/Download/File?url=/download/r5/osgi.core-5.0.0.pdf}}
}



@TechReport{Queue,
  author = 	 {Peter Kriens},
  title = 	 {How OSGi Changed My Life},
  year = 	 {2008},
  note = 	 {\url{http://queue.acm.org/detail.cfm?id=1348594}}
}



@BOOK{RalfEbert,
   year = {2004},
   author	=	{Ralf Ebert},
   title	=	{Eclipse RCP - Entwicklung von Desktop-Anwendungen mit der Eclipse Rich Client}, 
   note 	= 	{\url{http://www.ralfebert.de/archive/eclipse_rcp/EclipseRCP.pdf}}
}   



@book{BertholdDaum,
author = {Berthold Daum},
title = {Rich-Client-Entwicklung mit Eclipse 3.3. - Anwendungen, Plugins und Rich Clients},
year = {2007}
publisher = {Dpunkt.Verlag GmbH, 2004}
}

@book{SWT,
author = {Steve Northover, Mike Wilson},
title = {SWT: The Standard Widget Toolkit, Volume 1},
year = {2004},
publisher = {Addison-Wesley Professional}
}


@book{rcp_unternehmenseinsatz,
author = {Stefan Reichert},
title = {Eclipse RCP im Unternehmenseinsatz: Verteilte Anwendungen entwerfen, entwickeln, testen und betreiben},
year = {2009},
publisher = {dpunkt Verlag; Auflage: 1}
}

@book{maven_popp,
author = {Günther Popp},
title = {Konfigurationsmanagement mit Subversion, Maven und Redmine: Grundlagen für Softwarearchitekten und Entwickler},
year = {2013},
publisher = {dpunkt.verlag GmbH; Auflage: 4}
}


@periodical{eclipse_magazin,
title = {Eclipse Magazin 3.10},
date = {03.2010},
OPTurl = {ftp://ftp.herasaf.org/EclipseMagazin/ECM%203.10_Forster_Sylejmani_Eggenschwiler_Maven.pdf},
year = {2010}
}









